<record><leader>00000cas a22000007a 4500</leader><controlfield tag="001">13958839</controlfield><controlfield tag="008">860728d18981977txudn ne      0    0eng d</controlfield><datafield ind1=" " ind2=" " tag="010"><subfield code="a">sn 86088068 </subfield></datafield><datafield ind1=" " ind2=" " tag="040"><subfield code="a">PPM</subfield><subfield code="b">eng</subfield><subfield code="c">PPM</subfield><subfield code="d">OCLCQ</subfield></datafield><datafield ind1=" " ind2=" " tag="042"><subfield code="a">msc</subfield></datafield><datafield ind1="0" ind2=" " tag="130"><subfield code="a">Daily news-telegram (Sulpher Springs, Tex. : 1898)</subfield></datafield><datafield ind1="1" ind2="4" tag="245"><subfield code="a">The daily news-telegram.</subfield></datafield><datafield ind1=" " ind2=" " tag="260"><subfield code="a">Sulphur Springs, Tex. :</subfield><subfield code="b">R.L. Tate</subfield></datafield><datafield ind1=" " ind2=" " tag="300"><subfield code="a">v. :</subfield><subfield code="b">ill. ;</subfield><subfield code="c">55 cm.</subfield></datafield><datafield ind1=" " ind2=" " tag="310"><subfield code="a">Daily</subfield></datafield><datafield ind1="1" ind2=" " tag="362"><subfield code="a">Began in 1898?</subfield></datafield><datafield ind1="0" ind2=" " tag="362"><subfield code="a">-v. 99, no. 203 (Aug. 28, 1977).</subfield></datafield><datafield ind1=" " ind2=" " tag="588"><subfield code="a">Description based on: Vol., no. 54 (Sept. 12, 1918).</subfield></datafield><datafield ind1=" " ind2=" " tag="752"><subfield code="a">United States</subfield><subfield code="b">Texas</subfield><subfield code="c">Hopkins</subfield><subfield code="d">Sulphur Springs.</subfield></datafield><datafield ind1="0" ind2="5" tag="780"><subfield code="t">Daily gazette</subfield></datafield><datafield ind1="0" ind2="0" tag="785"><subfield code="t">Sulphur Springs news-telegram</subfield><subfield code="w">(DLC)sn 83007168</subfield></datafield></record>